<?xml version="1.0" encoding="UTF-8"?>
<record xmlns="http://www.loc.gov/MARC21/slim">
  <leader>01909cjm a2200469 a 4500</leader>
  <controlfield tag="001">796968</controlfield>
  <controlfield tag="005">19910702134241.9</controlfield>
  <controlfield tag="007">sdubsmennmpluu</controlfield>
  <controlfield tag="008">920205p19831981caumun   d       1  eng d</controlfield>
  <datafield tag="010" ind1=" " ind2=" ">
    <subfield code="a">   83752145 /R/r91</subfield>
  </datafield>
  <datafield tag="028" ind1="0" ind2="1">
    <subfield code="a">78017</subfield>
    <subfield code="b">Nonesuch</subfield>
  </datafield>
  <datafield tag="033" ind1="1" ind2=" ">
    <subfield code="a">198107--</subfield>
    <subfield code="a">198112--</subfield>
    <subfield code="b">3804</subfield>
    <subfield code="c">N4</subfield>
  </datafield>
  <datafield tag="035" ind1=" " ind2=" ">
    <subfield code="a">ocm13129144</subfield>
  </datafield>
  <datafield tag="039" ind1="0" ind2=" ">
    <subfield code="f">os</subfield>
  </datafield>
  <datafield tag="040" ind1=" " ind2=" ">
    <subfield code="a">DLC</subfield>
    <subfield code="b">eng</subfield>
    <subfield code="c">DLC</subfield>
  </datafield>
  <datafield tag="048" ind1=" " ind2=" ">
    <subfield code="a">sa02</subfield>
    <subfield code="a">sb01</subfield>
    <subfield code="a">sc01</subfield>
  </datafield>
  <datafield tag="049" ind1=" " ind2=" ">
    <subfield code="a">AEU</subfield>
    <subfield code="b">eng</subfield>
  </datafield>
  <datafield tag="050" ind1="0" ind2="0">
    <subfield code="a">Nonesuch 78017</subfield>
  </datafield>
  <datafield tag="055" ind1=" " ind2="3">
    <subfield code="a">M 1 R672</subfield>
    <subfield code="b">C744 1983</subfield>
  </datafield>
  <datafield tag="090" ind1="0" ind2=" ">
    <subfield code="a">M 1 R672 C744 1983</subfield>
  </datafield>
  <datafield tag="100" ind1="1" ind2="0">
    <subfield code="a">Rochberg, George.</subfield>
  </datafield>
  <datafield tag="240" ind1="1" ind2="0">
    <subfield code="a">Quartets,</subfield>
    <subfield code="m">strings,</subfield>
    <subfield code="n">no. 7</subfield>
  </datafield>
  <datafield tag="245" ind1="0" ind2="0">
    <subfield code="a">String quartet no. 7 (with baritone, 1979) /</subfield>
    <subfield code="c">George Rochberg ; [poems by Paul Rochberg]. String quartet, op. 11 ; Dover Beach : op. 3 / Samuel Barber ; [poem by Matthew Arnold in Dover Beach]</subfield>
    <subfield code="h">[sound recording].</subfield>
  </datafield>
  <datafield tag="260" ind1="0" ind2=" ">
    <subfield code="a">Los Angeles, Calif. :</subfield>
    <subfield code="b">Nonesuch,</subfield>
    <subfield code="c">p1983.</subfield>
  </datafield>
  <datafield tag="300" ind1=" " ind2=" ">
    <subfield code="a">1 sound disc :</subfield>
    <subfield code="b">analog, 33 1/3 rpm, stereo. ;</subfield>
    <subfield code="c">12 in.</subfield>
  </datafield>
  <datafield tag="490" ind1="0" ind2=" ">
    <subfield code="a">Silver series</subfield>
  </datafield>
  <datafield tag="500" ind1=" " ind2=" ">
    <subfield code="a">The 1st and 3rd works for baritone and string quartet; sung in English.</subfield>
  </datafield>
  <datafield tag="500" ind1=" " ind2=" ">
    <subfield code="a">Eds. recorded: Presser (1st work); G. Schirmer (2nd-3rd works).</subfield>
  </datafield>
  <datafield tag="500" ind1=" " ind2=" ">
    <subfield code="a">Durations: 22:59; 16:33; 8:48.</subfield>
  </datafield>
  <datafield tag="500" ind1=" " ind2=" ">
    <subfield code="a">Program notes by Phillip Ramey on container and texts (1 leaf) inserted in container.</subfield>
  </datafield>
  <datafield tag="500" ind1=" " ind2=" ">
    <subfield code="a">Nonesuch: 78017.</subfield>
  </datafield>
  <datafield tag="511" ind1="0" ind2=" ">
    <subfield code="a">Leslie Guinn, baritone ; Concord String Quartet.</subfield>
  </datafield>
  <datafield tag="518" ind1=" " ind2=" ">
    <subfield code="a">Recorded July and Dec. 1981, at Rutgers Presbyterian Church, New York.</subfield>
  </datafield>
  <datafield tag="596" ind1=" " ind2=" ">
    <subfield code="a">43</subfield>
  </datafield>
  <datafield tag="650" ind1=" " ind2="0">
    <subfield code="a">String quartets</subfield>
  </datafield>
  <datafield tag="650" ind1=" " ind2="0">
    <subfield code="a">Songs (Medium voice) with instrumental ensemble</subfield>
  </datafield>
  <datafield tag="700" ind1="1" ind2="0">
    <subfield code="a">Guinn, Leslie.</subfield>
    <subfield code="4">prf</subfield>
  </datafield>
  <datafield tag="700" ind1="1" ind2="2">
    <subfield code="a">Barber, Samuel,</subfield>
    <subfield code="d">1910-1981.</subfield>
    <subfield code="t">Quartets,</subfield>
    <subfield code="m">strings,</subfield>
    <subfield code="n">no. 1, op. 11,</subfield>
    <subfield code="r">B minor.</subfield>
  </datafield>
  <datafield tag="700" ind1="1" ind2="2">
    <subfield code="a">Barber, Samuel,</subfield>
    <subfield code="d">1910-1981.</subfield>
    <subfield code="t">Dover Beach.</subfield>
  </datafield>
  <datafield tag="710" ind1="2" ind2="0">
    <subfield code="a">Concord String Quartet.</subfield>
    <subfield code="4">prf</subfield>
  </datafield>
  <datafield tag="740" ind1="0" ind2="1">
    <subfield code="a">Dover Beach.</subfield>
  </datafield>
  <datafield tag="926" ind1=" " ind2=" ">
    <subfield code="a">UAHSS</subfield>
    <subfield code="b">MUSIC_LP</subfield>
    <subfield code="c">M 1 R672 C744 1983</subfield>
    <subfield code="d">MUSICSOUND</subfield>
    <subfield code="f">1</subfield>
  </datafield>
</record>
